
@article{bandyapadhyay_capacitated_2020,
	title = {Capacitated Covering Problems in Geometric Spaces},
	volume = {63},
	issn = {0179-5376},
	doi = {10.1007/s00454-019-00127-5},
	pages = {768--798},
	number = {4},
	journaltitle = {Discrete \& Computational Geometry},
	author = {Bandyapadhyay, Sayan and Bhowmick, Santanu and Inamdar, Tanmay and Varadarajan, Kasturi},
	date = {2020-06-29},
	keywords = {Geometric set cover, {LP} rounding, Capacitated covering, Bi-criteria approximation},
	file = {Bandyapadhyay et al_2020_Capacitated Covering Problems in Geometric Spaces.pdf:D\:\\Zotero\\storage\\E72GDHVQ\\Bandyapadhyay et al_2020_Capacitated Covering Problems in Geometric Spaces.pdf:application/pdf},
}
