
@article{bandyapadhyay_capacitated_2020,
	title = {Capacitated Covering Problems in Geometric Spaces},
	volume = {63},
	issn = {0179-5376},
	doi = {10.1007/s00454-019-00127-5},
	pages = {768--798},
	number = {4},
	journal = {Discrete \& Computational Geometry},
	author = {Bandyapadhyay, Sayan and Bhowmick, Santanu and Inamdar, Tanmay and Varadarajan, Kasturi},
	date = {2020-06-29},
	keywords = {Geometric set cover, {LP} rounding, Capacitated covering, Bi-criteria approximation},
	file = {Bandyapadhyay et al_2020_Capacitated Covering Problems in Geometric Spaces.pdf:D\:\\Zotero\\storage\\E72GDHVQ\\Bandyapadhyay et al_2020_Capacitated Covering Problems in Geometric Spaces.pdf:application/pdf},
}


@article{al-hourani_optimal_2014,
	title = {Optimal {LAP} {Altitude} for {Maximum} {Coverage}},
	volume = {3},
	issn = {2162-2345},
	doi = {10.1109/LWC.2014.2342736},
	number = {6},
	journal = {IEEE Wireless Communications Letters},
	author = {Al-Hourani, Akram and Kandeepan, Sithamparanathan and Lardner, Simon},
	month = dec,
	year = {2014},
	keywords = {Wireless communication, Atmospheric modeling, Urban areas, air-to-ground communication, Low altitude platform, Mathematical model, Probability, probability of line of sight, radio propagation, Receivers},
	pages = {569--572},
}
